[
  {
    "__type__": "cc.Prefab",
    "_name": "",
    "_objFlags": 0,
    "_native": "",
    "data": {
      "__id__": 1
    },
    "optimizationPolicy": 0,
    "asyncLoadAssets": false
  },
  {
    "__type__": "cc.Node",
    "_name": "car101",
    "_objFlags": 0,
    "_parent": null,
    "_children": [
      {
        "__id__": 2
      },
      {
        "__id__": 22
      },
      {
        "__id__": 25
      },
      {
        "__id__": 28
      }
    ],
    "_active": true,
    "_components": [
      {
        "__id__": 92
      }
    ],
    "_prefab": {
      "__id__": 93
    },
    "_lpos": {
      "__type__": "cc.Vec3",
      "x": 0,
      "y": 0,
      "z": 32
    },
    "_lrot": {
      "__type__": "cc.Quat",
      "x": 0,
      "y": 0,
      "z": 0,
      "w": 1
    },
    "_lscale": {
      "__type__": "cc.Vec3",
      "x": 1,
      "y": 1,
      "z": 1
    },
    "_layer": 1073741824,
    "_euler": {
      "__type__": "cc.Vec3",
      "x": 0,
      "y": 0,
      "z": 0
    },
    "_id": ""
  },
  {
    "__type__": "cc.Node",
    "_name": "RootNode",
    "_objFlags": 0,
    "_parent": {
      "__id__": 1
    },
    "_children": [
      {
        "__id__": 3
      },
      {
        "__id__": 6
      },
      {
        "__id__": 9
      },
      {
        "__id__": 12
      },
      {
        "__id__": 15
      },
      {
        "__id__": 18
      }
    ],
    "_active": true,
    "_components": [],
    "_prefab": {
      "__id__": 21
    },
    "_lpos": {
      "__type__": "cc.Vec3",
      "x": 0,
      "y": 0,
      "z": 0
    },
    "_lrot": {
      "__type__": "cc.Quat",
      "x": 0,
      "y": 0,
      "z": 0,
      "w": 1
    },
    "_lscale": {
      "__type__": "cc.Vec3",
      "x": 1,
      "y": 1,
      "z": 1
    },
    "_layer": 1073741824,
    "_euler": {
      "__type__": "cc.Vec3",
      "x": 0,
      "y": 0,
      "z": 0
    },
    "_id": ""
  },
  {
    "__type__": "cc.Node",
    "_name": "chuzu02",
    "_objFlags": 0,
    "_parent": {
      "__id__": 2
    },
    "_children": [],
    "_active": true,
    "_components": [
      {
        "__id__": 4
      }
    ],
    "_prefab": {
      "__id__": 5
    },
    "_lpos": {
      "__type__": "cc.Vec3",
      "x": 0,
      "y": 0,
      "z": 0
    },
    "_lrot": {
      "__type__": "cc.Quat",
      "x": 0.700909075650037,
      "y": -6.127542185364968e-8,
      "z": -6.235434546696069e-8,
      "w": 0.7132506345397831
    },
    "_lscale": {
      "__type__": "cc.Vec3",
      "x": -6.23844623565674,
      "y": -6.23844623565674,
      "z": -6.0649094581604
    },
    "_layer": 1073741824,
    "_euler": {
      "__type__": "cc.Vec3",
      "x": 88.99996969132904,
      "y": -7.877938247119141e-13,
      "z": -0.000010017912168977351
    },
    "_id": ""
  },
  {
    "__type__": "cc.ModelComponent",
    "_name": "chuzu02<ModelComponent>",
    "_objFlags": 0,
    "node": {
      "__id__": 3
    },
    "_enabled": true,
    "_materials": [
      {
        "__uuid__": "2011187e-8c47-474a-b4c2-33318b9fca1a@e3cf8"
      }
    ],
    "_visFlags": 0,
    "_mesh": {
      "__uuid__": "2011187e-8c47-474a-b4c2-33318b9fca1a@050ef"
    },
    "_shadowCastingMode": 0,
    "_id": ""
  },
  {
    "__type__": "cc.PrefabInfo",
    "root": {
      "__id__": 1
    },
    "asset": {
      "__id__": 0
    },
    "fileId": "37OMVra/xArqTcUYUzV27L",
    "sync": false,
    "_synced": {
      "default": false,
      "serializable": false
    }
  },
  {
    "__type__": "cc.Node",
    "_name": "tyre4",
    "_objFlags": 0,
    "_parent": {
      "__id__": 2
    },
    "_children": [],
    "_active": true,
    "_components": [
      {
        "__id__": 7
      }
    ],
    "_prefab": {
      "__id__": 8
    },
    "_lpos": {
      "__type__": "cc.Vec3",
      "x": 0.237070500850677,
      "y": 0.08955068141222,
      "z": -0.338036328554153
    },
    "_lrot": {
      "__type__": "cc.Quat",
      "x": 0.7071066619772446,
      "y": 6.181724038536681e-8,
      "z": 9.334143149262265e-15,
      "w": 0.7071069003958277
    },
    "_lscale": {
      "__type__": "cc.Vec3",
      "x": -6.23844623565674,
      "y": -6.23844623565674,
      "z": -6.0649094581604
    },
    "_layer": 1073741824,
    "_euler": {
      "__type__": "cc.Vec3",
      "x": 89.99998068130715,
      "y": 0.00000500895640060331,
      "z": 0.000005008956224372127
    },
    "_id": ""
  },
  {
    "__type__": "cc.ModelComponent",
    "_name": "",
    "_objFlags": 0,
    "node": {
      "__id__": 6
    },
    "_enabled": true,
    "_materials": [
      {
        "__uuid__": "2011187e-8c47-474a-b4c2-33318b9fca1a@e3cf8"
      }
    ],
    "_visFlags": 0,
    "_mesh": {
      "__uuid__": "2011187e-8c47-474a-b4c2-33318b9fca1a@801a3"
    },
    "_shadowCastingMode": 0,
    "_id": ""
  },
  {
    "__type__": "cc.PrefabInfo",
    "root": {
      "__id__": 1
    },
    "asset": {
      "__id__": 0
    },
    "fileId": "a7rcuqK2xP/o+kwgiGcRCg",
    "sync": false,
    "_synced": {
      "default": false,
      "serializable": false
    }
  },
  {
    "__type__": "cc.Node",
    "_name": "tyre1",
    "_objFlags": 0,
    "_parent": {
      "__id__": 2
    },
    "_children": [],
    "_active": true,
    "_components": [
      {
        "__id__": 10
      }
    ],
    "_prefab": {
      "__id__": 11
    },
    "_lpos": {
      "__type__": "cc.Vec3",
      "x": -0.237846583127975,
      "y": 0.0895507112145424,
      "z": 0.291596740484238
    },
    "_lrot": {
      "__type__": "cc.Quat",
      "x": 0.707106602372586,
      "y": 6.181724038536571e-8,
      "z": 1.4738378616658607e-14,
      "w": 0.7071069600004611
    },
    "_lscale": {
      "__type__": "cc.Vec3",
      "x": -6.23844623565674,
      "y": -6.23844623565674,
      "z": -6.0649094581604
    },
    "_layer": 1073741824,
    "_euler": {
      "__type__": "cc.Vec3",
      "x": 89.99997102196079,
      "y": 0.000005008956384929839,
      "z": 0.000005008956240045592
    },
    "_id": ""
  },
  {
    "__type__": "cc.ModelComponent",
    "_name": "",
    "_objFlags": 0,
    "node": {
      "__id__": 9
    },
    "_enabled": true,
    "_materials": [
      {
        "__uuid__": "2011187e-8c47-474a-b4c2-33318b9fca1a@e3cf8"
      }
    ],
    "_visFlags": 0,
    "_mesh": {
      "__uuid__": "2011187e-8c47-474a-b4c2-33318b9fca1a@8c383"
    },
    "_shadowCastingMode": 0,
    "_id": ""
  },
  {
    "__type__": "cc.PrefabInfo",
    "root": {
      "__id__": 1
    },
    "asset": {
      "__id__": 0
    },
    "fileId": "ea+zeOiG5OLqVKky0ZuzQw",
    "sync": false,
    "_synced": {
      "default": false,
      "serializable": false
    }
  },
  {
    "__type__": "cc.Node",
    "_name": "tyre2",
    "_objFlags": 0,
    "_parent": {
      "__id__": 2
    },
    "_children": [],
    "_active": true,
    "_components": [
      {
        "__id__": 13
      }
    ],
    "_prefab": {
      "__id__": 14
    },
    "_lpos": {
      "__type__": "cc.Vec3",
      "x": 0.237070590257645,
      "y": 0.089550644159317,
      "z": 0.291596621274948
    },
    "_lrot": {
      "__type__": "cc.Quat",
      "x": 0.707106602372586,
      "y": 6.181724038536571e-8,
      "z": 1.4738378616658607e-14,
      "w": 0.7071069600004611
    },
    "_lscale": {
      "__type__": "cc.Vec3",
      "x": -6.23844623565674,
      "y": -6.23844623565674,
      "z": -6.0649094581604
    },
    "_layer": 1073741824,
    "_euler": {
      "__type__": "cc.Vec3",
      "x": 89.99997102196079,
      "y": 0.000005008956384929839,
      "z": 0.000005008956240045592
    },
    "_id": ""
  },
  {
    "__type__": "cc.ModelComponent",
    "_name": "",
    "_objFlags": 0,
    "node": {
      "__id__": 12
    },
    "_enabled": true,
    "_materials": [
      {
        "__uuid__": "2011187e-8c47-474a-b4c2-33318b9fca1a@e3cf8"
      }
    ],
    "_visFlags": 0,
    "_mesh": {
      "__uuid__": "2011187e-8c47-474a-b4c2-33318b9fca1a@4166c"
    },
    "_shadowCastingMode": 0,
    "_id": ""
  },
  {
    "__type__": "cc.PrefabInfo",
    "root": {
      "__id__": 1
    },
    "asset": {
      "__id__": 0
    },
    "fileId": "62kf+Ix0pMLZm+qVClvGBb",
    "sync": false,
    "_synced": {
      "default": false,
      "serializable": false
    }
  },
  {
    "__type__": "cc.Node",
    "_name": "tyre3",
    "_objFlags": 0,
    "_parent": {
      "__id__": 2
    },
    "_children": [],
    "_active": true,
    "_components": [
      {
        "__id__": 16
      }
    ],
    "_prefab": {
      "__id__": 17
    },
    "_lpos": {
      "__type__": "cc.Vec3",
      "x": -0.237846672534943,
      "y": 0.089550718665123,
      "z": -0.338036239147186
    },
    "_lrot": {
      "__type__": "cc.Quat",
      "x": 0.707106602372586,
      "y": 6.181724038536571e-8,
      "z": 1.4738378616658607e-14,
      "w": 0.7071069600004611
    },
    "_lscale": {
      "__type__": "cc.Vec3",
      "x": -6.23844623565674,
      "y": -6.23844623565674,
      "z": -6.0649094581604
    },
    "_layer": 1073741824,
    "_euler": {
      "__type__": "cc.Vec3",
      "x": 89.99997102196079,
      "y": 0.000005008956384929839,
      "z": 0.000005008956240045592
    },
    "_id": ""
  },
  {
    "__type__": "cc.ModelComponent",
    "_name": "",
    "_objFlags": 0,
    "node": {
      "__id__": 15
    },
    "_enabled": true,
    "_materials": [
      {
        "__uuid__": "2011187e-8c47-474a-b4c2-33318b9fca1a@e3cf8"
      }
    ],
    "_visFlags": 0,
    "_mesh": {
      "__uuid__": "2011187e-8c47-474a-b4c2-33318b9fca1a@6726b"
    },
    "_shadowCastingMode": 0,
    "_id": ""
  },
  {
    "__type__": "cc.PrefabInfo",
    "root": {
      "__id__": 1
    },
    "asset": {
      "__id__": 0
    },
    "fileId": "ba1D6NHjBBNpqv+o/dcJvo",
    "sync": false,
    "_synced": {
      "default": false,
      "serializable": false
    }
  },
  {
    "__type__": "cc.Node",
    "_name": "light1",
    "_objFlags": 0,
    "_parent": {
      "__id__": 2
    },
    "_children": [],
    "_active": true,
    "_components": [
      {
        "__id__": 19
      }
    ],
    "_prefab": {
      "__id__": 20
    },
    "_lpos": {
      "__type__": "cc.Vec3",
      "x": 0.0064697596244514,
      "y": 0.227475345134735,
      "z": 0.500026047229767
    },
    "_lrot": {
      "__type__": "cc.Quat",
      "x": 0.7009090756500369,
      "y": -6.127541474822228e-8,
      "z": -6.235435257238804e-8,
      "w": 0.7132506345397831
    },
    "_lscale": {
      "__type__": "cc.Vec3",
      "x": -6.23844623565674,
      "y": -6.23844623565674,
      "z": -6.06491041183472
    },
    "_layer": 1073741824,
    "_euler": {
      "__type__": "cc.Vec3",
      "x": 88.99996969132904,
      "y": 3.636461224375672e-13,
      "z": -0.000010017912179026118
    },
    "_id": ""
  },
  {
    "__type__": "cc.ModelComponent",
    "_name": "",
    "_objFlags": 0,
    "node": {
      "__id__": 18
    },
    "_enabled": true,
    "_materials": [
      {
        "__uuid__": "2011187e-8c47-474a-b4c2-33318b9fca1a@e3cf8"
      }
    ],
    "_visFlags": 0,
    "_mesh": {
      "__uuid__": "2011187e-8c47-474a-b4c2-33318b9fca1a@14b6a"
    },
    "_shadowCastingMode": 0,
    "_id": ""
  },
  {
    "__type__": "cc.PrefabInfo",
    "root": {
      "__id__": 1
    },
    "asset": {
      "__id__": 0
    },
    "fileId": "11Q5jkHfhCbrSEKAwjdoXs",
    "sync": false,
    "_synced": {
      "default": false,
      "serializable": false
    }
  },
  {
    "__type__": "cc.PrefabInfo",
    "root": {
      "__id__": 1
    },
    "asset": {
      "__id__": 0
    },
    "fileId": "8dQeBj5VNH+p9oncYMrY8I",
    "sync": false,
    "_synced": {
      "default": false,
      "serializable": false
    }
  },
  {
    "__type__": "cc.Node",
    "_name": "Camera",
    "_objFlags": 0,
    "_parent": {
      "__id__": 1
    },
    "_children": [],
    "_active": true,
    "_components": [
      {
        "__id__": 23
      }
    ],
    "_prefab": {
      "__id__": 24
    },
    "_lpos": {
      "__type__": "cc.Vec3",
      "x": 0,
      "y": 6.014,
      "z": 5.063
    },
    "_lrot": {
      "__type__": "cc.Quat",
      "x": -0.3569581061586724,
      "y": 0,
      "z": 0,
      "w": 0.9341203939790705
    },
    "_lscale": {
      "__type__": "cc.Vec3",
      "x": 1,
      "y": 1,
      "z": 1
    },
    "_layer": 1073741824,
    "_euler": {
      "__type__": "cc.Vec3",
      "x": -41.827,
      "y": 0,
      "z": 0
    },
    "_id": ""
  },
  {
    "__type__": "cc.CameraComponent",
    "_name": "",
    "_objFlags": 0,
    "node": {
      "__id__": 22
    },
    "_enabled": true,
    "_projection": 1,
    "_priority": 0,
    "_fov": 45,
    "_orthoHeight": 10,
    "_near": 1,
    "_far": 1000,
    "_color": {
      "__type__": "cc.Color",
      "r": 51,
      "g": 76,
      "b": 120,
      "a": 255
    },
    "_depth": 1,
    "_stencil": 0,
    "_clearFlags": 7,
    "_rect": {
      "__type__": "cc.Rect",
      "x": 0,
      "y": 0,
      "width": 1,
      "height": 1
    },
    "_screenScale": 1,
    "_visibility": 1822425087,
    "_targetTexture": null,
    "_id": ""
  },
  {
    "__type__": "cc.PrefabInfo",
    "root": {
      "__id__": 1
    },
    "asset": {
      "__id__": 0
    },
    "fileId": "c9DMICJLFO5IeO07EPon7U",
    "sync": false,
    "_synced": {
      "default": false,
      "serializable": false
    }
  },
  {
    "__type__": "cc.Node",
    "_name": "light",
    "_objFlags": 0,
    "_parent": {
      "__id__": 1
    },
    "_children": [],
    "_active": true,
    "_components": [
      {
        "__id__": 26
      }
    ],
    "_prefab": {
      "__id__": 27
    },
    "_lpos": {
      "__type__": "cc.Vec3",
      "x": 0,
      "y": 0.171,
      "z": -0.918
    },
    "_lrot": {
      "__type__": "cc.Quat",
      "x": -0.7071067811865475,
      "y": 0,
      "z": 0,
      "w": 0.7071067811865476
    },
    "_lscale": {
      "__type__": "cc.Vec3",
      "x": 0.9,
      "y": 1,
      "z": 1
    },
    "_layer": 1073741824,
    "_euler": {
      "__type__": "cc.Vec3",
      "x": -90,
      "y": 0,
      "z": 0
    },
    "_id": ""
  },
  {
    "__type__": "cc.ModelComponent",
    "_name": "Quad<ModelComponent>",
    "_objFlags": 0,
    "node": {
      "__id__": 25
    },
    "_enabled": true,
    "_materials": [
      {
        "__uuid__": "5ebb48cf-a985-429b-9e1e-d1561de9e238"
      }
    ],
    "_visFlags": 0,
    "_mesh": {
      "__uuid__": "1263d74c-8167-4928-91a6-4e2672411f47@fc873"
    },
    "_shadowCastingMode": 0,
    "_id": ""
  },
  {
    "__type__": "cc.PrefabInfo",
    "root": {
      "__id__": 1
    },
    "asset": {
      "__id__": 0
    },
    "fileId": "96MgFL4YtNUI1fVzxFWgu8",
    "sync": false,
    "_synced": {
      "default": false,
      "serializable": false
    }
  },
  {
    "__type__": "cc.Node",
    "_name": "gas",
    "_objFlags": 0,
    "_parent": {
      "__id__": 1
    },
    "_children": [],
    "_active": true,
    "_components": [
      {
        "__id__": 29
      }
    ],
    "_prefab": {
      "__id__": 91
    },
    "_lpos": {
      "__type__": "cc.Vec3",
      "x": 0.011,
      "y": 0.182,
      "z": 0.647
    },
    "_lrot": {
      "__type__": "cc.Quat",
      "x": 0.7071067811865475,
      "y": 0.7071067811865476,
      "z": 4.329780281177466e-17,
      "w": 4.329780281177467e-17
    },
    "_lscale": {
      "__type__": "cc.Vec3",
      "x": 0.567,
      "y": 0.567,
      "z": 0.556
    },
    "_layer": 1073741824,
    "_euler": {
      "__type__": "cc.Vec3",
      "x": 0,
      "y": 180,
      "z": 90
    },
    "_id": ""
  },
  {
    "__type__": "cc.ParticleSystemComponent",
    "_name": "gas<ParticleSystemComponent>",
    "_objFlags": 0,
    "node": {
      "__id__": 28
    },
    "_enabled": true,
    "_materials": [
      {
        "__uuid__": "591216df-7430-4f95-a1c4-4f4e8353981a"
      },
      null
    ],
    "_visFlags": 0,
    "startColor": {
      "__id__": 30
    },
    "scaleSpace": 1,
    "startSize3D": false,
    "startSizeX": {
      "__id__": 34
    },
    "startSize": {
      "__id__": 34
    },
    "startSizeY": {
      "__id__": 35
    },
    "startSizeZ": {
      "__id__": 36
    },
    "startSpeed": {
      "__id__": 37
    },
    "startRotation3D": false,
    "startRotationX": {
      "__id__": 38
    },
    "startRotationY": {
      "__id__": 39
    },
    "startRotationZ": {
      "__id__": 40
    },
    "startRotation": {
      "__id__": 40
    },
    "startDelay": {
      "__id__": 41
    },
    "startLifetime": {
      "__id__": 42
    },
    "duration": 5,
    "loop": true,
    "simulationSpeed": 1,
    "playOnAwake": true,
    "gravityModifier": {
      "__id__": 43
    },
    "rateOverTime": {
      "__id__": 44
    },
    "rateOverDistance": {
      "__id__": 45
    },
    "bursts": [],
    "colorOverLifetimeModule": {
      "__id__": 46
    },
    "shapeModule": {
      "__id__": 51
    },
    "sizeOvertimeModule": {
      "__id__": 53
    },
    "velocityOvertimeModule": {
      "__id__": 58
    },
    "forceOvertimeModule": {
      "__id__": 63
    },
    "limitVelocityOvertimeModule": {
      "__id__": 67
    },
    "rotationOvertimeModule": {
      "__id__": 72
    },
    "textureAnimationModule": {
      "__id__": 76
    },
    "trailModule": {
      "__id__": 79
    },
    "renderer": {
      "__id__": 90
    },
    "_prewarm": false,
    "_capacity": 100,
    "_simulationSpace": 1,
    "_id": ""
  },
  {
    "__type__": "cc.GradientRange",
    "color": {
      "__type__": "cc.Color",
      "r": 255,
      "g": 255,
      "b": 255,
      "a": 255
    },
    "colorMin": {
      "__type__": "cc.Color",
      "r": 255,
      "g": 255,
      "b": 255,
      "a": 255
    },
    "colorMax": {
      "__type__": "cc.Color",
      "r": 255,
      "g": 255,
      "b": 255,
      "a": 255
    },
    "gradient": {
      "__id__": 31
    },
    "gradientMin": {
      "__id__": 32
    },
    "gradientMax": {
      "__id__": 33
    },
    "_mode": 0
  },
  {
    "__type__": "cc.Gradient",
    "colorKeys": [],
    "alphaKeys": [],
    "mode": 0
  },
  {
    "__type__": "cc.Gradient",
    "colorKeys": [],
    "alphaKeys": [],
    "mode": 0
  },
  {
    "__type__": "cc.Gradient",
    "colorKeys": [],
    "alphaKeys": [],
    "mode": 0
  },
  {
    "__type__": "cc.CurveRange",
    "mode": 0,
    "curve": {
      "__type__": "cc.AnimationCurve",
      "preWrapMode": 2,
      "postWrapMode": 2,
      "keyFrames": [
        {
          "__type__": "cc.Keyframe",
          "time": 0,
          "value": 1,
          "inTangent": 0,
          "outTangent": 0
        },
        {
          "__type__": "cc.Keyframe",
          "time": 1,
          "value": 1,
          "inTangent": 0,
          "outTangent": 0
        }
      ]
    },
    "curveMin": {
      "__type__": "cc.AnimationCurve",
      "preWrapMode": 2,
      "postWrapMode": 2,
      "keyFrames": [
        {
          "__type__": "cc.Keyframe",
          "time": 0,
          "value": 1,
          "inTangent": 0,
          "outTangent": 0
        },
        {
          "__type__": "cc.Keyframe",
          "time": 1,
          "value": 1,
          "inTangent": 0,
          "outTangent": 0
        }
      ]
    },
    "curveMax": {
      "__type__": "cc.AnimationCurve",
      "preWrapMode": 2,
      "postWrapMode": 2,
      "keyFrames": [
        {
          "__type__": "cc.Keyframe",
          "time": 0,
          "value": 1,
          "inTangent": 0,
          "outTangent": 0
        },
        {
          "__type__": "cc.Keyframe",
          "time": 1,
          "value": 1,
          "inTangent": 0,
          "outTangent": 0
        }
      ]
    },
    "constant": 0.6,
    "constantMin": 0,
    "constantMax": 0,
    "multiplier": 1
  },
  {
    "__type__": "cc.CurveRange",
    "mode": 0,
    "curve": {
      "__type__": "cc.AnimationCurve",
      "preWrapMode": 2,
      "postWrapMode": 2,
      "keyFrames": [
        {
          "__type__": "cc.Keyframe",
          "time": 0,
          "value": 1,
          "inTangent": 0,
          "outTangent": 0
        },
        {
          "__type__": "cc.Keyframe",
          "time": 1,
          "value": 1,
          "inTangent": 0,
          "outTangent": 0
        }
      ]
    },
    "curveMin": {
      "__type__": "cc.AnimationCurve",
      "preWrapMode": 2,
      "postWrapMode": 2,
      "keyFrames": [
        {
          "__type__": "cc.Keyframe",
          "time": 0,
          "value": 1,
          "inTangent": 0,
          "outTangent": 0
        },
        {
          "__type__": "cc.Keyframe",
          "time": 1,
          "value": 1,
          "inTangent": 0,
          "outTangent": 0
        }
      ]
    },
    "curveMax": {
      "__type__": "cc.AnimationCurve",
      "preWrapMode": 2,
      "postWrapMode": 2,
      "keyFrames": [
        {
          "__type__": "cc.Keyframe",
          "time": 0,
          "value": 1,
          "inTangent": 0,
          "outTangent": 0
        },
        {
          "__type__": "cc.Keyframe",
          "time": 1,
          "value": 1,
          "inTangent": 0,
          "outTangent": 0
        }
      ]
    },
    "constant": 0,
    "constantMin": 0,
    "constantMax": 0,
    "multiplier": 1
  },
  {
    "__type__": "cc.CurveRange",
    "mode": 0,
    "curve": {
      "__type__": "cc.AnimationCurve",
      "preWrapMode": 2,
      "postWrapMode": 2,
      "keyFrames": [
        {
          "__type__": "cc.Keyframe",
          "time": 0,
          "value": 1,
          "inTangent": 0,
          "outTangent": 0
        },
        {
          "__type__": "cc.Keyframe",
          "time": 1,
          "value": 1,
          "inTangent": 0,
          "outTangent": 0
        }
      ]
    },
    "curveMin": {
      "__type__": "cc.AnimationCurve",
      "preWrapMode": 2,
      "postWrapMode": 2,
      "keyFrames": [
        {
          "__type__": "cc.Keyframe",
          "time": 0,
          "value": 1,
          "inTangent": 0,
          "outTangent": 0
        },
        {
          "__type__": "cc.Keyframe",
          "time": 1,
          "value": 1,
          "inTangent": 0,
          "outTangent": 0
        }
      ]
    },
    "curveMax": {
      "__type__": "cc.AnimationCurve",
      "preWrapMode": 2,
      "postWrapMode": 2,
      "keyFrames": [
        {
          "__type__": "cc.Keyframe",
          "time": 0,
          "value": 1,
          "inTangent": 0,
          "outTangent": 0
        },
        {
          "__type__": "cc.Keyframe",
          "time": 1,
          "value": 1,
          "inTangent": 0,
          "outTangent": 0
        }
      ]
    },
    "constant": 0,
    "constantMin": 0,
    "constantMax": 0,
    "multiplier": 1
  },
  {
    "__type__": "cc.CurveRange",
    "mode": 0,
    "curve": {
      "__type__": "cc.AnimationCurve",
      "preWrapMode": 2,
      "postWrapMode": 2,
      "keyFrames": [
        {
          "__type__": "cc.Keyframe",
          "time": 0,
          "value": 1,
          "inTangent": 0,
          "outTangent": 0
        },
        {
          "__type__": "cc.Keyframe",
          "time": 1,
          "value": 1,
          "inTangent": 0,
          "outTangent": 0
        }
      ]
    },
    "curveMin": {
      "__type__": "cc.AnimationCurve",
      "preWrapMode": 2,
      "postWrapMode": 2,
      "keyFrames": [
        {
          "__type__": "cc.Keyframe",
          "time": 0,
          "value": 1,
          "inTangent": 0,
          "outTangent": 0
        },
        {
          "__type__": "cc.Keyframe",
          "time": 1,
          "value": 1,
          "inTangent": 0,
          "outTangent": 0
        }
      ]
    },
    "curveMax": {
      "__type__": "cc.AnimationCurve",
      "preWrapMode": 2,
      "postWrapMode": 2,
      "keyFrames": [
        {
          "__type__": "cc.Keyframe",
          "time": 0,
          "value": 1,
          "inTangent": 0,
          "outTangent": 0
        },
        {
          "__type__": "cc.Keyframe",
          "time": 1,
          "value": 1,
          "inTangent": 0,
          "outTangent": 0
        }
      ]
    },
    "constant": 0.6,
    "constantMin": 0,
    "constantMax": 0,
    "multiplier": 1
  },
  {
    "__type__": "cc.CurveRange",
    "mode": 0,
    "curve": {
      "__type__": "cc.AnimationCurve",
      "preWrapMode": 2,
      "postWrapMode": 2,
      "keyFrames": [
        {
          "__type__": "cc.Keyframe",
          "time": 0,
          "value": 1,
          "inTangent": 0,
          "outTangent": 0
        },
        {
          "__type__": "cc.Keyframe",
          "time": 1,
          "value": 1,
          "inTangent": 0,
          "outTangent": 0
        }
      ]
    },
    "curveMin": {
      "__type__": "cc.AnimationCurve",
      "preWrapMode": 2,
      "postWrapMode": 2,
      "keyFrames": [
        {
          "__type__": "cc.Keyframe",
          "time": 0,
          "value": 1,
          "inTangent": 0,
          "outTangent": 0
        },
        {
          "__type__": "cc.Keyframe",
          "time": 1,
          "value": 1,
          "inTangent": 0,
          "outTangent": 0
        }
      ]
    },
    "curveMax": {
      "__type__": "cc.AnimationCurve",
      "preWrapMode": 2,
      "postWrapMode": 2,
      "keyFrames": [
        {
          "__type__": "cc.Keyframe",
          "time": 0,
          "value": 1,
          "inTangent": 0,
          "outTangent": 0
        },
        {
          "__type__": "cc.Keyframe",
          "time": 1,
          "value": 1,
          "inTangent": 0,
          "outTangent": 0
        }
      ]
    },
    "constant": 0,
    "constantMin": 0,
    "constantMax": 0,
    "multiplier": 1
  },
  {
    "__type__": "cc.CurveRange",
    "mode": 0,
    "curve": {
      "__type__": "cc.AnimationCurve",
      "preWrapMode": 2,
      "postWrapMode": 2,
      "keyFrames": [
        {
          "__type__": "cc.Keyframe",
          "time": 0,
          "value": 1,
          "inTangent": 0,
          "outTangent": 0
        },
        {
          "__type__": "cc.Keyframe",
          "time": 1,
          "value": 1,
          "inTangent": 0,
          "outTangent": 0
        }
      ]
    },
    "curveMin": {
      "__type__": "cc.AnimationCurve",
      "preWrapMode": 2,
      "postWrapMode": 2,
      "keyFrames": [
        {
          "__type__": "cc.Keyframe",
          "time": 0,
          "value": 1,
          "inTangent": 0,
          "outTangent": 0
        },
        {
          "__type__": "cc.Keyframe",
          "time": 1,
          "value": 1,
          "inTangent": 0,
          "outTangent": 0
        }
      ]
    },
    "curveMax": {
      "__type__": "cc.AnimationCurve",
      "preWrapMode": 2,
      "postWrapMode": 2,
      "keyFrames": [
        {
          "__type__": "cc.Keyframe",
          "time": 0,
          "value": 1,
          "inTangent": 0,
          "outTangent": 0
        },
        {
          "__type__": "cc.Keyframe",
          "time": 1,
          "value": 1,
          "inTangent": 0,
          "outTangent": 0
        }
      ]
    },
    "constant": 0,
    "constantMin": 0,
    "constantMax": 0,
    "multiplier": 1
  },
  {
    "__type__": "cc.CurveRange",
    "mode": 0,
    "curve": {
      "__type__": "cc.AnimationCurve",
      "preWrapMode": 2,
      "postWrapMode": 2,
      "keyFrames": [
        {
          "__type__": "cc.Keyframe",
          "time": 0,
          "value": 1,
          "inTangent": 0,
          "outTangent": 0
        },
        {
          "__type__": "cc.Keyframe",
          "time": 1,
          "value": 1,
          "inTangent": 0,
          "outTangent": 0
        }
      ]
    },
    "curveMin": {
      "__type__": "cc.AnimationCurve",
      "preWrapMode": 2,
      "postWrapMode": 2,
      "keyFrames": [
        {
          "__type__": "cc.Keyframe",
          "time": 0,
          "value": 1,
          "inTangent": 0,
          "outTangent": 0
        },
        {
          "__type__": "cc.Keyframe",
          "time": 1,
          "value": 1,
          "inTangent": 0,
          "outTangent": 0
        }
      ]
    },
    "curveMax": {
      "__type__": "cc.AnimationCurve",
      "preWrapMode": 2,
      "postWrapMode": 2,
      "keyFrames": [
        {
          "__type__": "cc.Keyframe",
          "time": 0,
          "value": 1,
          "inTangent": 0,
          "outTangent": 0
        },
        {
          "__type__": "cc.Keyframe",
          "time": 1,
          "value": 1,
          "inTangent": 0,
          "outTangent": 0
        }
      ]
    },
    "constant": 0,
    "constantMin": 0,
    "constantMax": 0,
    "multiplier": 1
  },
  {
    "__type__": "cc.CurveRange",
    "mode": 0,
    "curve": {
      "__type__": "cc.AnimationCurve",
      "preWrapMode": 2,
      "postWrapMode": 2,
      "keyFrames": [
        {
          "__type__": "cc.Keyframe",
          "time": 0,
          "value": 1,
          "inTangent": 0,
          "outTangent": 0
        },
        {
          "__type__": "cc.Keyframe",
          "time": 1,
          "value": 1,
          "inTangent": 0,
          "outTangent": 0
        }
      ]
    },
    "curveMin": {
      "__type__": "cc.AnimationCurve",
      "preWrapMode": 2,
      "postWrapMode": 2,
      "keyFrames": [
        {
          "__type__": "cc.Keyframe",
          "time": 0,
          "value": 1,
          "inTangent": 0,
          "outTangent": 0
        },
        {
          "__type__": "cc.Keyframe",
          "time": 1,
          "value": 1,
          "inTangent": 0,
          "outTangent": 0
        }
      ]
    },
    "curveMax": {
      "__type__": "cc.AnimationCurve",
      "preWrapMode": 2,
      "postWrapMode": 2,
      "keyFrames": [
        {
          "__type__": "cc.Keyframe",
          "time": 0,
          "value": 1,
          "inTangent": 0,
          "outTangent": 0
        },
        {
          "__type__": "cc.Keyframe",
          "time": 1,
          "value": 1,
          "inTangent": 0,
          "outTangent": 0
        }
      ]
    },
    "constant": 0,
    "constantMin": 0,
    "constantMax": 0,
    "multiplier": 1
  },
  {
    "__type__": "cc.CurveRange",
    "mode": 0,
    "curve": {
      "__type__": "cc.AnimationCurve",
      "preWrapMode": 2,
      "postWrapMode": 2,
      "keyFrames": [
        {
          "__type__": "cc.Keyframe",
          "time": 0,
          "value": 1,
          "inTangent": 0,
          "outTangent": 0
        },
        {
          "__type__": "cc.Keyframe",
          "time": 1,
          "value": 1,
          "inTangent": 0,
          "outTangent": 0
        }
      ]
    },
    "curveMin": {
      "__type__": "cc.AnimationCurve",
      "preWrapMode": 2,
      "postWrapMode": 2,
      "keyFrames": [
        {
          "__type__": "cc.Keyframe",
          "time": 0,
          "value": 1,
          "inTangent": 0,
          "outTangent": 0
        },
        {
          "__type__": "cc.Keyframe",
          "time": 1,
          "value": 1,
          "inTangent": 0,
          "outTangent": 0
        }
      ]
    },
    "curveMax": {
      "__type__": "cc.AnimationCurve",
      "preWrapMode": 2,
      "postWrapMode": 2,
      "keyFrames": [
        {
          "__type__": "cc.Keyframe",
          "time": 0,
          "value": 1,
          "inTangent": 0,
          "outTangent": 0
        },
        {
          "__type__": "cc.Keyframe",
          "time": 1,
          "value": 1,
          "inTangent": 0,
          "outTangent": 0
        }
      ]
    },
    "constant": 0.4,
    "constantMin": 0,
    "constantMax": 0,
    "multiplier": 1
  },
  {
    "__type__": "cc.CurveRange",
    "mode": 0,
    "curve": {
      "__type__": "cc.AnimationCurve",
      "preWrapMode": 2,
      "postWrapMode": 2,
      "keyFrames": [
        {
          "__type__": "cc.Keyframe",
          "time": 0,
          "value": 1,
          "inTangent": 0,
          "outTangent": 0
        },
        {
          "__type__": "cc.Keyframe",
          "time": 1,
          "value": 1,
          "inTangent": 0,
          "outTangent": 0
        }
      ]
    },
    "curveMin": {
      "__type__": "cc.AnimationCurve",
      "preWrapMode": 2,
      "postWrapMode": 2,
      "keyFrames": [
        {
          "__type__": "cc.Keyframe",
          "time": 0,
          "value": 1,
          "inTangent": 0,
          "outTangent": 0
        },
        {
          "__type__": "cc.Keyframe",
          "time": 1,
          "value": 1,
          "inTangent": 0,
          "outTangent": 0
        }
      ]
    },
    "curveMax": {
      "__type__": "cc.AnimationCurve",
      "preWrapMode": 2,
      "postWrapMode": 2,
      "keyFrames": [
        {
          "__type__": "cc.Keyframe",
          "time": 0,
          "value": 1,
          "inTangent": 0,
          "outTangent": 0
        },
        {
          "__type__": "cc.Keyframe",
          "time": 1,
          "value": 1,
          "inTangent": 0,
          "outTangent": 0
        }
      ]
    },
    "constant": 0,
    "constantMin": 0,
    "constantMax": 0,
    "multiplier": 1
  },
  {
    "__type__": "cc.CurveRange",
    "mode": 0,
    "curve": {
      "__type__": "cc.AnimationCurve",
      "preWrapMode": 2,
      "postWrapMode": 2,
      "keyFrames": [
        {
          "__type__": "cc.Keyframe",
          "time": 0,
          "value": 1,
          "inTangent": 0,
          "outTangent": 0
        },
        {
          "__type__": "cc.Keyframe",
          "time": 1,
          "value": 1,
          "inTangent": 0,
          "outTangent": 0
        }
      ]
    },
    "curveMin": {
      "__type__": "cc.AnimationCurve",
      "preWrapMode": 2,
      "postWrapMode": 2,
      "keyFrames": [
        {
          "__type__": "cc.Keyframe",
          "time": 0,
          "value": 1,
          "inTangent": 0,
          "outTangent": 0
        },
        {
          "__type__": "cc.Keyframe",
          "time": 1,
          "value": 1,
          "inTangent": 0,
          "outTangent": 0
        }
      ]
    },
    "curveMax": {
      "__type__": "cc.AnimationCurve",
      "preWrapMode": 2,
      "postWrapMode": 2,
      "keyFrames": [
        {
          "__type__": "cc.Keyframe",
          "time": 0,
          "value": 1,
          "inTangent": 0,
          "outTangent": 0
        },
        {
          "__type__": "cc.Keyframe",
          "time": 1,
          "value": 1,
          "inTangent": 0,
          "outTangent": 0
        }
      ]
    },
    "constant": 6,
    "constantMin": 0,
    "constantMax": 0,
    "multiplier": 1
  },
  {
    "__type__": "cc.CurveRange",
    "mode": 0,
    "curve": {
      "__type__": "cc.AnimationCurve",
      "preWrapMode": 2,
      "postWrapMode": 2,
      "keyFrames": [
        {
          "__type__": "cc.Keyframe",
          "time": 0,
          "value": 1,
          "inTangent": 0,
          "outTangent": 0
        },
        {
          "__type__": "cc.Keyframe",
          "time": 1,
          "value": 1,
          "inTangent": 0,
          "outTangent": 0
        }
      ]
    },
    "curveMin": {
      "__type__": "cc.AnimationCurve",
      "preWrapMode": 2,
      "postWrapMode": 2,
      "keyFrames": [
        {
          "__type__": "cc.Keyframe",
          "time": 0,
          "value": 1,
          "inTangent": 0,
          "outTangent": 0
        },
        {
          "__type__": "cc.Keyframe",
          "time": 1,
          "value": 1,
          "inTangent": 0,
          "outTangent": 0
        }
      ]
    },
    "curveMax": {
      "__type__": "cc.AnimationCurve",
      "preWrapMode": 2,
      "postWrapMode": 2,
      "keyFrames": [
        {
          "__type__": "cc.Keyframe",
          "time": 0,
          "value": 1,
          "inTangent": 0,
          "outTangent": 0
        },
        {
          "__type__": "cc.Keyframe",
          "time": 1,
          "value": 1,
          "inTangent": 0,
          "outTangent": 0
        }
      ]
    },
    "constant": 0,
    "constantMin": 0,
    "constantMax": 0,
    "multiplier": 1
  },
  {
    "__type__": "cc.ColorOvertimeModule",
    "enable": true,
    "color": {
      "__id__": 47
    }
  },
  {
    "__type__": "cc.GradientRange",
    "color": {
      "__type__": "cc.Color",
      "r": 255,
      "g": 255,
      "b": 255,
      "a": 255
    },
    "colorMin": {
      "__type__": "cc.Color",
      "r": 73,
      "g": 73,
      "b": 73,
      "a": 255
    },
    "colorMax": {
      "__type__": "cc.Color",
      "r": 189,
      "g": 189,
      "b": 189,
      "a": 255
    },
    "gradient": {
      "__id__": 48
    },
    "gradientMin": {
      "__id__": 49
    },
    "gradientMax": {
      "__id__": 50
    },
    "_mode": 2
  },
  {
    "__type__": "cc.Gradient",
    "colorKeys": [],
    "alphaKeys": [],
    "mode": 0
  },
  {
    "__type__": "cc.Gradient",
    "colorKeys": [],
    "alphaKeys": [],
    "mode": 0
  },
  {
    "__type__": "cc.Gradient",
    "colorKeys": [],
    "alphaKeys": [],
    "mode": 0
  },
  {
    "__type__": "cc.ShapeModule",
    "enable": true,
    "_shapeType": 0,
    "shapeType": 0,
    "emitFrom": 3,
    "alignToDirection": false,
    "randomDirectionAmount": 0,
    "sphericalDirectionAmount": 0,
    "randomPositionAmount": 0,
    "radius": 1,
    "radiusThickness": 1,
    "arcMode": 0,
    "arcSpread": 0,
    "arcSpeed": {
      "__id__": 52
    },
    "length": 5,
    "boxThickness": {
      "__type__": "cc.Vec3",
      "x": 0,
      "y": 0,
      "z": 0
    },
    "_position": {
      "__type__": "cc.Vec3",
      "x": 0,
      "y": 0,
      "z": 0
    },
    "_rotation": {
      "__type__": "cc.Vec3",
      "x": 0,
      "y": 0,
      "z": 0
    },
    "_scale": {
      "__type__": "cc.Vec3",
      "x": 0.2,
      "y": 0.2,
      "z": 0.441
    },
    "_arc": 6.283185307179586,
    "_angle": 0.4363323129985824
  },
  {
    "__type__": "cc.CurveRange",
    "mode": 0,
    "curve": {
      "__type__": "cc.AnimationCurve",
      "preWrapMode": 2,
      "postWrapMode": 2,
      "keyFrames": [
        {
          "__type__": "cc.Keyframe",
          "time": 0,
          "value": 1,
          "inTangent": 0,
          "outTangent": 0
        },
        {
          "__type__": "cc.Keyframe",
          "time": 1,
          "value": 1,
          "inTangent": 0,
          "outTangent": 0
        }
      ]
    },
    "curveMin": {
      "__type__": "cc.AnimationCurve",
      "preWrapMode": 2,
      "postWrapMode": 2,
      "keyFrames": [
        {
          "__type__": "cc.Keyframe",
          "time": 0,
          "value": 1,
          "inTangent": 0,
          "outTangent": 0
        },
        {
          "__type__": "cc.Keyframe",
          "time": 1,
          "value": 1,
          "inTangent": 0,
          "outTangent": 0
        }
      ]
    },
    "curveMax": {
      "__type__": "cc.AnimationCurve",
      "preWrapMode": 2,
      "postWrapMode": 2,
      "keyFrames": [
        {
          "__type__": "cc.Keyframe",
          "time": 0,
          "value": 1,
          "inTangent": 0,
          "outTangent": 0
        },
        {
          "__type__": "cc.Keyframe",
          "time": 1,
          "value": 1,
          "inTangent": 0,
          "outTangent": 0
        }
      ]
    },
    "constant": 1,
    "constantMin": 0,
    "constantMax": 0,
    "multiplier": 1
  },
  {
    "__type__": "cc.SizeOvertimeModule",
    "enable": false,
    "separateAxes": false,
    "size": {
      "__id__": 54
    },
    "x": {
      "__id__": 55
    },
    "y": {
      "__id__": 56
    },
    "z": {
      "__id__": 57
    }
  },
  {
    "__type__": "cc.CurveRange",
    "mode": 0,
    "curve": {
      "__type__": "cc.AnimationCurve",
      "preWrapMode": 2,
      "postWrapMode": 2,
      "keyFrames": [
        {
          "__type__": "cc.Keyframe",
          "time": 0,
          "value": 1,
          "inTangent": 0,
          "outTangent": 0
        },
        {
          "__type__": "cc.Keyframe",
          "time": 1,
          "value": 1,
          "inTangent": 0,
          "outTangent": 0
        }
      ]
    },
    "curveMin": {
      "__type__": "cc.AnimationCurve",
      "preWrapMode": 2,
      "postWrapMode": 2,
      "keyFrames": [
        {
          "__type__": "cc.Keyframe",
          "time": 0,
          "value": 1,
          "inTangent": 0,
          "outTangent": 0
        },
        {
          "__type__": "cc.Keyframe",
          "time": 1,
          "value": 1,
          "inTangent": 0,
          "outTangent": 0
        }
      ]
    },
    "curveMax": {
      "__type__": "cc.AnimationCurve",
      "preWrapMode": 2,
      "postWrapMode": 2,
      "keyFrames": [
        {
          "__type__": "cc.Keyframe",
          "time": 0,
          "value": 1,
          "inTangent": 0,
          "outTangent": 0
        },
        {
          "__type__": "cc.Keyframe",
          "time": 1,
          "value": 1,
          "inTangent": 0,
          "outTangent": 0
        }
      ]
    },
    "constant": 0,
    "constantMin": 0,
    "constantMax": 0,
    "multiplier": 1
  },
  {
    "__type__": "cc.CurveRange",
    "mode": 0,
    "curve": {
      "__type__": "cc.AnimationCurve",
      "preWrapMode": 2,
      "postWrapMode": 2,
      "keyFrames": [
        {
          "__type__": "cc.Keyframe",
          "time": 0,
          "value": 1,
          "inTangent": 0,
          "outTangent": 0
        },
        {
          "__type__": "cc.Keyframe",
          "time": 1,
          "value": 1,
          "inTangent": 0,
          "outTangent": 0
        }
      ]
    },
    "curveMin": {
      "__type__": "cc.AnimationCurve",
      "preWrapMode": 2,
      "postWrapMode": 2,
      "keyFrames": [
        {
          "__type__": "cc.Keyframe",
          "time": 0,
          "value": 1,
          "inTangent": 0,
          "outTangent": 0
        },
        {
          "__type__": "cc.Keyframe",
          "time": 1,
          "value": 1,
          "inTangent": 0,
          "outTangent": 0
        }
      ]
    },
    "curveMax": {
      "__type__": "cc.AnimationCurve",
      "preWrapMode": 2,
      "postWrapMode": 2,
      "keyFrames": [
        {
          "__type__": "cc.Keyframe",
          "time": 0,
          "value": 1,
          "inTangent": 0,
          "outTangent": 0
        },
        {
          "__type__": "cc.Keyframe",
          "time": 1,
          "value": 1,
          "inTangent": 0,
          "outTangent": 0
        }
      ]
    },
    "constant": 0,
    "constantMin": 0,
    "constantMax": 0,
    "multiplier": 1
  },
  {
    "__type__": "cc.CurveRange",
    "mode": 0,
    "curve": {
      "__type__": "cc.AnimationCurve",
      "preWrapMode": 2,
      "postWrapMode": 2,
      "keyFrames": [
        {
          "__type__": "cc.Keyframe",
          "time": 0,
          "value": 1,
          "inTangent": 0,
          "outTangent": 0
        },
        {
          "__type__": "cc.Keyframe",
          "time": 1,
          "value": 1,
          "inTangent": 0,
          "outTangent": 0
        }
      ]
    },
    "curveMin": {
      "__type__": "cc.AnimationCurve",
      "preWrapMode": 2,
      "postWrapMode": 2,
      "keyFrames": [
        {
          "__type__": "cc.Keyframe",
          "time": 0,
          "value": 1,
          "inTangent": 0,
          "outTangent": 0
        },
        {
          "__type__": "cc.Keyframe",
          "time": 1,
          "value": 1,
          "inTangent": 0,
          "outTangent": 0
        }
      ]
    },
    "curveMax": {
      "__type__": "cc.AnimationCurve",
      "preWrapMode": 2,
      "postWrapMode": 2,
      "keyFrames": [
        {
          "__type__": "cc.Keyframe",
          "time": 0,
          "value": 1,
          "inTangent": 0,
          "outTangent": 0
        },
        {
          "__type__": "cc.Keyframe",
          "time": 1,
          "value": 1,
          "inTangent": 0,
          "outTangent": 0
        }
      ]
    },
    "constant": 0,
    "constantMin": 0,
    "constantMax": 0,
    "multiplier": 1
  },
  {
    "__type__": "cc.CurveRange",
    "mode": 0,
    "curve": {
      "__type__": "cc.AnimationCurve",
      "preWrapMode": 2,
      "postWrapMode": 2,
      "keyFrames": [
        {
          "__type__": "cc.Keyframe",
          "time": 0,
          "value": 1,
          "inTangent": 0,
          "outTangent": 0
        },
        {
          "__type__": "cc.Keyframe",
          "time": 1,
          "value": 1,
          "inTangent": 0,
          "outTangent": 0
        }
      ]
    },
    "curveMin": {
      "__type__": "cc.AnimationCurve",
      "preWrapMode": 2,
      "postWrapMode": 2,
      "keyFrames": [
        {
          "__type__": "cc.Keyframe",
          "time": 0,
          "value": 1,
          "inTangent": 0,
          "outTangent": 0
        },
        {
          "__type__": "cc.Keyframe",
          "time": 1,
          "value": 1,
          "inTangent": 0,
          "outTangent": 0
        }
      ]
    },
    "curveMax": {
      "__type__": "cc.AnimationCurve",
      "preWrapMode": 2,
      "postWrapMode": 2,
      "keyFrames": [
        {
          "__type__": "cc.Keyframe",
          "time": 0,
          "value": 1,
          "inTangent": 0,
          "outTangent": 0
        },
        {
          "__type__": "cc.Keyframe",
          "time": 1,
          "value": 1,
          "inTangent": 0,
          "outTangent": 0
        }
      ]
    },
    "constant": 0,
    "constantMin": 0,
    "constantMax": 0,
    "multiplier": 1
  },
  {
    "__type__": "cc.VelocityOvertimeModule",
    "enable": false,
    "x": {
      "__id__": 59
    },
    "y": {
      "__id__": 60
    },
    "z": {
      "__id__": 61
    },
    "speedModifier": {
      "__id__": 62
    },
    "space": 1
  },
  {
    "__type__": "cc.CurveRange",
    "mode": 0,
    "curve": {
      "__type__": "cc.AnimationCurve",
      "preWrapMode": 2,
      "postWrapMode": 2,
      "keyFrames": [
        {
          "__type__": "cc.Keyframe",
          "time": 0,
          "value": 1,
          "inTangent": 0,
          "outTangent": 0
        },
        {
          "__type__": "cc.Keyframe",
          "time": 1,
          "value": 1,
          "inTangent": 0,
          "outTangent": 0
        }
      ]
    },
    "curveMin": {
      "__type__": "cc.AnimationCurve",
      "preWrapMode": 2,
      "postWrapMode": 2,
      "keyFrames": [
        {
          "__type__": "cc.Keyframe",
          "time": 0,
          "value": 1,
          "inTangent": 0,
          "outTangent": 0
        },
        {
          "__type__": "cc.Keyframe",
          "time": 1,
          "value": 1,
          "inTangent": 0,
          "outTangent": 0
        }
      ]
    },
    "curveMax": {
      "__type__": "cc.AnimationCurve",
      "preWrapMode": 2,
      "postWrapMode": 2,
      "keyFrames": [
        {
          "__type__": "cc.Keyframe",
          "time": 0,
          "value": 1,
          "inTangent": 0,
          "outTangent": 0
        },
        {
          "__type__": "cc.Keyframe",
          "time": 1,
          "value": 1,
          "inTangent": 0,
          "outTangent": 0
        }
      ]
    },
    "constant": 0,
    "constantMin": 0,
    "constantMax": 0,
    "multiplier": 1
  },
  {
    "__type__": "cc.CurveRange",
    "mode": 0,
    "curve": {
      "__type__": "cc.AnimationCurve",
      "preWrapMode": 2,
      "postWrapMode": 2,
      "keyFrames": [
        {
          "__type__": "cc.Keyframe",
          "time": 0,
          "value": 1,
          "inTangent": 0,
          "outTangent": 0
        },
        {
          "__type__": "cc.Keyframe",
          "time": 1,
          "value": 1,
          "inTangent": 0,
          "outTangent": 0
        }
      ]
    },
    "curveMin": {
      "__type__": "cc.AnimationCurve",
      "preWrapMode": 2,
      "postWrapMode": 2,
      "keyFrames": [
        {
          "__type__": "cc.Keyframe",
          "time": 0,
          "value": 1,
          "inTangent": 0,
          "outTangent": 0
        },
        {
          "__type__": "cc.Keyframe",
          "time": 1,
          "value": 1,
          "inTangent": 0,
          "outTangent": 0
        }
      ]
    },
    "curveMax": {
      "__type__": "cc.AnimationCurve",
      "preWrapMode": 2,
      "postWrapMode": 2,
      "keyFrames": [
        {
          "__type__": "cc.Keyframe",
          "time": 0,
          "value": 1,
          "inTangent": 0,
          "outTangent": 0
        },
        {
          "__type__": "cc.Keyframe",
          "time": 1,
          "value": 1,
          "inTangent": 0,
          "outTangent": 0
        }
      ]
    },
    "constant": 0,
    "constantMin": 0,
    "constantMax": 0,
    "multiplier": 1
  },
  {
    "__type__": "cc.CurveRange",
    "mode": 0,
    "curve": {
      "__type__": "cc.AnimationCurve",
      "preWrapMode": 2,
      "postWrapMode": 2,
      "keyFrames": [
        {
          "__type__": "cc.Keyframe",
          "time": 0,
          "value": 1,
          "inTangent": 0,
          "outTangent": 0
        },
        {
          "__type__": "cc.Keyframe",
          "time": 1,
          "value": 1,
          "inTangent": 0,
          "outTangent": 0
        }
      ]
    },
    "curveMin": {
      "__type__": "cc.AnimationCurve",
      "preWrapMode": 2,
      "postWrapMode": 2,
      "keyFrames": [
        {
          "__type__": "cc.Keyframe",
          "time": 0,
          "value": 1,
          "inTangent": 0,
          "outTangent": 0
        },
        {
          "__type__": "cc.Keyframe",
          "time": 1,
          "value": 1,
          "inTangent": 0,
          "outTangent": 0
        }
      ]
    },
    "curveMax": {
      "__type__": "cc.AnimationCurve",
      "preWrapMode": 2,
      "postWrapMode": 2,
      "keyFrames": [
        {
          "__type__": "cc.Keyframe",
          "time": 0,
          "value": 1,
          "inTangent": 0,
          "outTangent": 0
        },
        {
          "__type__": "cc.Keyframe",
          "time": 1,
          "value": 1,
          "inTangent": 0,
          "outTangent": 0
        }
      ]
    },
    "constant": -0.5,
    "constantMin": 0,
    "constantMax": 0,
    "multiplier": 1
  },
  {
    "__type__": "cc.CurveRange",
    "mode": 0,
    "curve": {
      "__type__": "cc.AnimationCurve",
      "preWrapMode": 2,
      "postWrapMode": 2,
      "keyFrames": [
        {
          "__type__": "cc.Keyframe",
          "time": 0,
          "value": 1,
          "inTangent": 0,
          "outTangent": 0
        },
        {
          "__type__": "cc.Keyframe",
          "time": 1,
          "value": 1,
          "inTangent": 0,
          "outTangent": 0
        }
      ]
    },
    "curveMin": {
      "__type__": "cc.AnimationCurve",
      "preWrapMode": 2,
      "postWrapMode": 2,
      "keyFrames": [
        {
          "__type__": "cc.Keyframe",
          "time": 0,
          "value": 1,
          "inTangent": 0,
          "outTangent": 0
        },
        {
          "__type__": "cc.Keyframe",
          "time": 1,
          "value": 1,
          "inTangent": 0,
          "outTangent": 0
        }
      ]
    },
    "curveMax": {
      "__type__": "cc.AnimationCurve",
      "preWrapMode": 2,
      "postWrapMode": 2,
      "keyFrames": [
        {
          "__type__": "cc.Keyframe",
          "time": 0,
          "value": 1,
          "inTangent": 0,
          "outTangent": 0
        },
        {
          "__type__": "cc.Keyframe",
          "time": 1,
          "value": 1,
          "inTangent": 0,
          "outTangent": 0
        }
      ]
    },
    "constant": 1,
    "constantMin": 0,
    "constantMax": 0,
    "multiplier": 1
  },
  {
    "__type__": "cc.ForceOvertimeModule",
    "enable": false,
    "x": {
      "__id__": 64
    },
    "y": {
      "__id__": 65
    },
    "z": {
      "__id__": 66
    },
    "space": 1
  },
  {
    "__type__": "cc.CurveRange",
    "mode": 0,
    "curve": {
      "__type__": "cc.AnimationCurve",
      "preWrapMode": 2,
      "postWrapMode": 2,
      "keyFrames": [
        {
          "__type__": "cc.Keyframe",
          "time": 0,
          "value": 1,
          "inTangent": 0,
          "outTangent": 0
        },
        {
          "__type__": "cc.Keyframe",
          "time": 1,
          "value": 1,
          "inTangent": 0,
          "outTangent": 0
        }
      ]
    },
    "curveMin": {
      "__type__": "cc.AnimationCurve",
      "preWrapMode": 2,
      "postWrapMode": 2,
      "keyFrames": [
        {
          "__type__": "cc.Keyframe",
          "time": 0,
          "value": 1,
          "inTangent": 0,
          "outTangent": 0
        },
        {
          "__type__": "cc.Keyframe",
          "time": 1,
          "value": 1,
          "inTangent": 0,
          "outTangent": 0
        }
      ]
    },
    "curveMax": {
      "__type__": "cc.AnimationCurve",
      "preWrapMode": 2,
      "postWrapMode": 2,
      "keyFrames": [
        {
          "__type__": "cc.Keyframe",
          "time": 0,
          "value": 1,
          "inTangent": 0,
          "outTangent": 0
        },
        {
          "__type__": "cc.Keyframe",
          "time": 1,
          "value": 1,
          "inTangent": 0,
          "outTangent": 0
        }
      ]
    },
    "constant": 0,
    "constantMin": 0,
    "constantMax": 0,
    "multiplier": 1
  },
  {
    "__type__": "cc.CurveRange",
    "mode": 0,
    "curve": {
      "__type__": "cc.AnimationCurve",
      "preWrapMode": 2,
      "postWrapMode": 2,
      "keyFrames": [
        {
          "__type__": "cc.Keyframe",
          "time": 0,
          "value": 1,
          "inTangent": 0,
          "outTangent": 0
        },
        {
          "__type__": "cc.Keyframe",
          "time": 1,
          "value": 1,
          "inTangent": 0,
          "outTangent": 0
        }
      ]
    },
    "curveMin": {
      "__type__": "cc.AnimationCurve",
      "preWrapMode": 2,
      "postWrapMode": 2,
      "keyFrames": [
        {
          "__type__": "cc.Keyframe",
          "time": 0,
          "value": 1,
          "inTangent": 0,
          "outTangent": 0
        },
        {
          "__type__": "cc.Keyframe",
          "time": 1,
          "value": 1,
          "inTangent": 0,
          "outTangent": 0
        }
      ]
    },
    "curveMax": {
      "__type__": "cc.AnimationCurve",
      "preWrapMode": 2,
      "postWrapMode": 2,
      "keyFrames": [
        {
          "__type__": "cc.Keyframe",
          "time": 0,
          "value": 1,
          "inTangent": 0,
          "outTangent": 0
        },
        {
          "__type__": "cc.Keyframe",
          "time": 1,
          "value": 1,
          "inTangent": 0,
          "outTangent": 0
        }
      ]
    },
    "constant": 0,
    "constantMin": 0,
    "constantMax": 0,
    "multiplier": 1
  },
  {
    "__type__": "cc.CurveRange",
    "mode": 0,
    "curve": {
      "__type__": "cc.AnimationCurve",
      "preWrapMode": 2,
      "postWrapMode": 2,
      "keyFrames": [
        {
          "__type__": "cc.Keyframe",
          "time": 0,
          "value": 1,
          "inTangent": 0,
          "outTangent": 0
        },
        {
          "__type__": "cc.Keyframe",
          "time": 1,
          "value": 1,
          "inTangent": 0,
          "outTangent": 0
        }
      ]
    },
    "curveMin": {
      "__type__": "cc.AnimationCurve",
      "preWrapMode": 2,
      "postWrapMode": 2,
      "keyFrames": [
        {
          "__type__": "cc.Keyframe",
          "time": 0,
          "value": 1,
          "inTangent": 0,
          "outTangent": 0
        },
        {
          "__type__": "cc.Keyframe",
          "time": 1,
          "value": 1,
          "inTangent": 0,
          "outTangent": 0
        }
      ]
    },
    "curveMax": {
      "__type__": "cc.AnimationCurve",
      "preWrapMode": 2,
      "postWrapMode": 2,
      "keyFrames": [
        {
          "__type__": "cc.Keyframe",
          "time": 0,
          "value": 1,
          "inTangent": 0,
          "outTangent": 0
        },
        {
          "__type__": "cc.Keyframe",
          "time": 1,
          "value": 1,
          "inTangent": 0,
          "outTangent": 0
        }
      ]
    },
    "constant": 0.5,
    "constantMin": 0,
    "constantMax": 0,
    "multiplier": 1
  },
  {
    "__type__": "cc.LimitVelocityOvertimeModule",
    "enable": false,
    "limitX": {
      "__id__": 68
    },
    "limitY": {
      "__id__": 69
    },
    "limitZ": {
      "__id__": 70
    },
    "limit": {
      "__id__": 71
    },
    "dampen": 3,
    "separateAxes": false,
    "space": 1
  },
  {
    "__type__": "cc.CurveRange",
    "mode": 0,
    "curve": {
      "__type__": "cc.AnimationCurve",
      "preWrapMode": 2,
      "postWrapMode": 2,
      "keyFrames": [
        {
          "__type__": "cc.Keyframe",
          "time": 0,
          "value": 1,
          "inTangent": 0,
          "outTangent": 0
        },
        {
          "__type__": "cc.Keyframe",
          "time": 1,
          "value": 1,
          "inTangent": 0,
          "outTangent": 0
        }
      ]
    },
    "curveMin": {
      "__type__": "cc.AnimationCurve",
      "preWrapMode": 2,
      "postWrapMode": 2,
      "keyFrames": [
        {
          "__type__": "cc.Keyframe",
          "time": 0,
          "value": 1,
          "inTangent": 0,
          "outTangent": 0
        },
        {
          "__type__": "cc.Keyframe",
          "time": 1,
          "value": 1,
          "inTangent": 0,
          "outTangent": 0
        }
      ]
    },
    "curveMax": {
      "__type__": "cc.AnimationCurve",
      "preWrapMode": 2,
      "postWrapMode": 2,
      "keyFrames": [
        {
          "__type__": "cc.Keyframe",
          "time": 0,
          "value": 1,
          "inTangent": 0,
          "outTangent": 0
        },
        {
          "__type__": "cc.Keyframe",
          "time": 1,
          "value": 1,
          "inTangent": 0,
          "outTangent": 0
        }
      ]
    },
    "constant": 0,
    "constantMin": 0,
    "constantMax": 0,
    "multiplier": 1
  },
  {
    "__type__": "cc.CurveRange",
    "mode": 0,
    "curve": {
      "__type__": "cc.AnimationCurve",
      "preWrapMode": 2,
      "postWrapMode": 2,
      "keyFrames": [
        {
          "__type__": "cc.Keyframe",
          "time": 0,
          "value": 1,
          "inTangent": 0,
          "outTangent": 0
        },
        {
          "__type__": "cc.Keyframe",
          "time": 1,
          "value": 1,
          "inTangent": 0,
          "outTangent": 0
        }
      ]
    },
    "curveMin": {
      "__type__": "cc.AnimationCurve",
      "preWrapMode": 2,
      "postWrapMode": 2,
      "keyFrames": [
        {
          "__type__": "cc.Keyframe",
          "time": 0,
          "value": 1,
          "inTangent": 0,
          "outTangent": 0
        },
        {
          "__type__": "cc.Keyframe",
          "time": 1,
          "value": 1,
          "inTangent": 0,
          "outTangent": 0
        }
      ]
    },
    "curveMax": {
      "__type__": "cc.AnimationCurve",
      "preWrapMode": 2,
      "postWrapMode": 2,
      "keyFrames": [
        {
          "__type__": "cc.Keyframe",
          "time": 0,
          "value": 1,
          "inTangent": 0,
          "outTangent": 0
        },
        {
          "__type__": "cc.Keyframe",
          "time": 1,
          "value": 1,
          "inTangent": 0,
          "outTangent": 0
        }
      ]
    },
    "constant": 0,
    "constantMin": 0,
    "constantMax": 0,
    "multiplier": 1
  },
  {
    "__type__": "cc.CurveRange",
    "mode": 0,
    "curve": {
      "__type__": "cc.AnimationCurve",
      "preWrapMode": 2,
      "postWrapMode": 2,
      "keyFrames": [
        {
          "__type__": "cc.Keyframe",
          "time": 0,
          "value": 1,
          "inTangent": 0,
          "outTangent": 0
        },
        {
          "__type__": "cc.Keyframe",
          "time": 1,
          "value": 1,
          "inTangent": 0,
          "outTangent": 0
        }
      ]
    },
    "curveMin": {
      "__type__": "cc.AnimationCurve",
      "preWrapMode": 2,
      "postWrapMode": 2,
      "keyFrames": [
        {
          "__type__": "cc.Keyframe",
          "time": 0,
          "value": 1,
          "inTangent": 0,
          "outTangent": 0
        },
        {
          "__type__": "cc.Keyframe",
          "time": 1,
          "value": 1,
          "inTangent": 0,
          "outTangent": 0
        }
      ]
    },
    "curveMax": {
      "__type__": "cc.AnimationCurve",
      "preWrapMode": 2,
      "postWrapMode": 2,
      "keyFrames": [
        {
          "__type__": "cc.Keyframe",
          "time": 0,
          "value": 1,
          "inTangent": 0,
          "outTangent": 0
        },
        {
          "__type__": "cc.Keyframe",
          "time": 1,
          "value": 1,
          "inTangent": 0,
          "outTangent": 0
        }
      ]
    },
    "constant": 0,
    "constantMin": 0,
    "constantMax": 0,
    "multiplier": 1
  },
  {
    "__type__": "cc.CurveRange",
    "mode": 0,
    "curve": {
      "__type__": "cc.AnimationCurve",
      "preWrapMode": 2,
      "postWrapMode": 2,
      "keyFrames": [
        {
          "__type__": "cc.Keyframe",
          "time": 0,
          "value": 1,
          "inTangent": 0,
          "outTangent": 0
        },
        {
          "__type__": "cc.Keyframe",
          "time": 1,
          "value": 1,
          "inTangent": 0,
          "outTangent": 0
        }
      ]
    },
    "curveMin": {
      "__type__": "cc.AnimationCurve",
      "preWrapMode": 2,
      "postWrapMode": 2,
      "keyFrames": [
        {
          "__type__": "cc.Keyframe",
          "time": 0,
          "value": 1,
          "inTangent": 0,
          "outTangent": 0
        },
        {
          "__type__": "cc.Keyframe",
          "time": 1,
          "value": 1,
          "inTangent": 0,
          "outTangent": 0
        }
      ]
    },
    "curveMax": {
      "__type__": "cc.AnimationCurve",
      "preWrapMode": 2,
      "postWrapMode": 2,
      "keyFrames": [
        {
          "__type__": "cc.Keyframe",
          "time": 0,
          "value": 1,
          "inTangent": 0,
          "outTangent": 0
        },
        {
          "__type__": "cc.Keyframe",
          "time": 1,
          "value": 1,
          "inTangent": 0,
          "outTangent": 0
        }
      ]
    },
    "constant": 0,
    "constantMin": 0,
    "constantMax": 0,
    "multiplier": 1
  },
  {
    "__type__": "cc.RotationOvertimeModule",
    "enable": false,
    "_separateAxes": false,
    "x": {
      "__id__": 73
    },
    "y": {
      "__id__": 74
    },
    "z": {
      "__id__": 75
    }
  },
  {
    "__type__": "cc.CurveRange",
    "mode": 0,
    "curve": {
      "__type__": "cc.AnimationCurve",
      "preWrapMode": 2,
      "postWrapMode": 2,
      "keyFrames": [
        {
          "__type__": "cc.Keyframe",
          "time": 0,
          "value": 1,
          "inTangent": 0,
          "outTangent": 0
        },
        {
          "__type__": "cc.Keyframe",
          "time": 1,
          "value": 1,
          "inTangent": 0,
          "outTangent": 0
        }
      ]
    },
    "curveMin": {
      "__type__": "cc.AnimationCurve",
      "preWrapMode": 2,
      "postWrapMode": 2,
      "keyFrames": [
        {
          "__type__": "cc.Keyframe",
          "time": 0,
          "value": 1,
          "inTangent": 0,
          "outTangent": 0
        },
        {
          "__type__": "cc.Keyframe",
          "time": 1,
          "value": 1,
          "inTangent": 0,
          "outTangent": 0
        }
      ]
    },
    "curveMax": {
      "__type__": "cc.AnimationCurve",
      "preWrapMode": 2,
      "postWrapMode": 2,
      "keyFrames": [
        {
          "__type__": "cc.Keyframe",
          "time": 0,
          "value": 1,
          "inTangent": 0,
          "outTangent": 0
        },
        {
          "__type__": "cc.Keyframe",
          "time": 1,
          "value": 1,
          "inTangent": 0,
          "outTangent": 0
        }
      ]
    },
    "constant": 0,
    "constantMin": 0,
    "constantMax": 0,
    "multiplier": 1
  },
  {
    "__type__": "cc.CurveRange",
    "mode": 0,
    "curve": {
      "__type__": "cc.AnimationCurve",
      "preWrapMode": 2,
      "postWrapMode": 2,
      "keyFrames": [
        {
          "__type__": "cc.Keyframe",
          "time": 0,
          "value": 1,
          "inTangent": 0,
          "outTangent": 0
        },
        {
          "__type__": "cc.Keyframe",
          "time": 1,
          "value": 1,
          "inTangent": 0,
          "outTangent": 0
        }
      ]
    },
    "curveMin": {
      "__type__": "cc.AnimationCurve",
      "preWrapMode": 2,
      "postWrapMode": 2,
      "keyFrames": [
        {
          "__type__": "cc.Keyframe",
          "time": 0,
          "value": 1,
          "inTangent": 0,
          "outTangent": 0
        },
        {
          "__type__": "cc.Keyframe",
          "time": 1,
          "value": 1,
          "inTangent": 0,
          "outTangent": 0
        }
      ]
    },
    "curveMax": {
      "__type__": "cc.AnimationCurve",
      "preWrapMode": 2,
      "postWrapMode": 2,
      "keyFrames": [
        {
          "__type__": "cc.Keyframe",
          "time": 0,
          "value": 1,
          "inTangent": 0,
          "outTangent": 0
        },
        {
          "__type__": "cc.Keyframe",
          "time": 1,
          "value": 1,
          "inTangent": 0,
          "outTangent": 0
        }
      ]
    },
    "constant": 0,
    "constantMin": 0,
    "constantMax": 0,
    "multiplier": 1
  },
  {
    "__type__": "cc.CurveRange",
    "mode": 0,
    "curve": {
      "__type__": "cc.AnimationCurve",
      "preWrapMode": 2,
      "postWrapMode": 2,
      "keyFrames": [
        {
          "__type__": "cc.Keyframe",
          "time": 0,
          "value": 1,
          "inTangent": 0,
          "outTangent": 0
        },
        {
          "__type__": "cc.Keyframe",
          "time": 1,
          "value": 1,
          "inTangent": 0,
          "outTangent": 0
        }
      ]
    },
    "curveMin": {
      "__type__": "cc.AnimationCurve",
      "preWrapMode": 2,
      "postWrapMode": 2,
      "keyFrames": [
        {
          "__type__": "cc.Keyframe",
          "time": 0,
          "value": 1,
          "inTangent": 0,
          "outTangent": 0
        },
        {
          "__type__": "cc.Keyframe",
          "time": 1,
          "value": 1,
          "inTangent": 0,
          "outTangent": 0
        }
      ]
    },
    "curveMax": {
      "__type__": "cc.AnimationCurve",
      "preWrapMode": 2,
      "postWrapMode": 2,
      "keyFrames": [
        {
          "__type__": "cc.Keyframe",
          "time": 0,
          "value": 1,
          "inTangent": 0,
          "outTangent": 0
        },
        {
          "__type__": "cc.Keyframe",
          "time": 1,
          "value": 1,
          "inTangent": 0,
          "outTangent": 0
        }
      ]
    },
    "constant": 0,
    "constantMin": 0,
    "constantMax": 0,
    "multiplier": 1
  },
  {
    "__type__": "cc.TextureAnimationModule",
    "_enable": false,
    "_numTilesX": 0,
    "numTilesX": 0,
    "_numTilesY": 0,
    "numTilesY": 0,
    "_mode": 0,
    "animation": 0,
    "frameOverTime": {
      "__id__": 77
    },
    "startFrame": {
      "__id__": 78
    },
    "cycleCount": 0,
    "_flipU": 0,
    "_flipV": 0,
    "_uvChannelMask": -1,
    "randomRow": false,
    "rowIndex": 0
  },
  {
    "__type__": "cc.CurveRange",
    "mode": 0,
    "curve": {
      "__type__": "cc.AnimationCurve",
      "preWrapMode": 2,
      "postWrapMode": 2,
      "keyFrames": [
        {
          "__type__": "cc.Keyframe",
          "time": 0,
          "value": 1,
          "inTangent": 0,
          "outTangent": 0
        },
        {
          "__type__": "cc.Keyframe",
          "time": 1,
          "value": 1,
          "inTangent": 0,
          "outTangent": 0
        }
      ]
    },
    "curveMin": {
      "__type__": "cc.AnimationCurve",
      "preWrapMode": 2,
      "postWrapMode": 2,
      "keyFrames": [
        {
          "__type__": "cc.Keyframe",
          "time": 0,
          "value": 1,
          "inTangent": 0,
          "outTangent": 0
        },
        {
          "__type__": "cc.Keyframe",
          "time": 1,
          "value": 1,
          "inTangent": 0,
          "outTangent": 0
        }
      ]
    },
    "curveMax": {
      "__type__": "cc.AnimationCurve",
      "preWrapMode": 2,
      "postWrapMode": 2,
      "keyFrames": [
        {
          "__type__": "cc.Keyframe",
          "time": 0,
          "value": 1,
          "inTangent": 0,
          "outTangent": 0
        },
        {
          "__type__": "cc.Keyframe",
          "time": 1,
          "value": 1,
          "inTangent": 0,
          "outTangent": 0
        }
      ]
    },
    "constant": 0,
    "constantMin": 0,
    "constantMax": 0,
    "multiplier": 1
  },
  {
    "__type__": "cc.CurveRange",
    "mode": 0,
    "curve": {
      "__type__": "cc.AnimationCurve",
      "preWrapMode": 2,
      "postWrapMode": 2,
      "keyFrames": [
        {
          "__type__": "cc.Keyframe",
          "time": 0,
          "value": 1,
          "inTangent": 0,
          "outTangent": 0
        },
        {
          "__type__": "cc.Keyframe",
          "time": 1,
          "value": 1,
          "inTangent": 0,
          "outTangent": 0
        }
      ]
    },
    "curveMin": {
      "__type__": "cc.AnimationCurve",
      "preWrapMode": 2,
      "postWrapMode": 2,
      "keyFrames": [
        {
          "__type__": "cc.Keyframe",
          "time": 0,
          "value": 1,
          "inTangent": 0,
          "outTangent": 0
        },
        {
          "__type__": "cc.Keyframe",
          "time": 1,
          "value": 1,
          "inTangent": 0,
          "outTangent": 0
        }
      ]
    },
    "curveMax": {
      "__type__": "cc.AnimationCurve",
      "preWrapMode": 2,
      "postWrapMode": 2,
      "keyFrames": [
        {
          "__type__": "cc.Keyframe",
          "time": 0,
          "value": 1,
          "inTangent": 0,
          "outTangent": 0
        },
        {
          "__type__": "cc.Keyframe",
          "time": 1,
          "value": 1,
          "inTangent": 0,
          "outTangent": 0
        }
      ]
    },
    "constant": 0,
    "constantMin": 0,
    "constantMax": 0,
    "multiplier": 1
  },
  {
    "__type__": "cc.TrailModule",
    "_enable": false,
    "mode": 0,
    "lifeTime": {
      "__id__": 80
    },
    "_minParticleDistance": 0.1,
    "existWithParticles": true,
    "textureMode": 0,
    "widthFromParticle": true,
    "widthRatio": {
      "__id__": 81
    },
    "colorFromParticle": false,
    "colorOverTrail": {
      "__id__": 82
    },
    "colorOvertime": {
      "__id__": 86
    },
    "_space": 0,
    "_particleSystem": {
      "__id__": 29
    }
  },
  {
    "__type__": "cc.CurveRange",
    "mode": 0,
    "curve": {
      "__type__": "cc.AnimationCurve",
      "preWrapMode": 2,
      "postWrapMode": 2,
      "keyFrames": [
        {
          "__type__": "cc.Keyframe",
          "time": 0,
          "value": 1,
          "inTangent": 0,
          "outTangent": 0
        },
        {
          "__type__": "cc.Keyframe",
          "time": 1,
          "value": 1,
          "inTangent": 0,
          "outTangent": 0
        }
      ]
    },
    "curveMin": {
      "__type__": "cc.AnimationCurve",
      "preWrapMode": 2,
      "postWrapMode": 2,
      "keyFrames": [
        {
          "__type__": "cc.Keyframe",
          "time": 0,
          "value": 1,
          "inTangent": 0,
          "outTangent": 0
        },
        {
          "__type__": "cc.Keyframe",
          "time": 1,
          "value": 1,
          "inTangent": 0,
          "outTangent": 0
        }
      ]
    },
    "curveMax": {
      "__type__": "cc.AnimationCurve",
      "preWrapMode": 2,
      "postWrapMode": 2,
      "keyFrames": [
        {
          "__type__": "cc.Keyframe",
          "time": 0,
          "value": 1,
          "inTangent": 0,
          "outTangent": 0
        },
        {
          "__type__": "cc.Keyframe",
          "time": 1,
          "value": 1,
          "inTangent": 0,
          "outTangent": 0
        }
      ]
    },
    "constant": 1,
    "constantMin": 0,
    "constantMax": 0,
    "multiplier": 1
  },
  {
    "__type__": "cc.CurveRange",
    "mode": 0,
    "curve": {
      "__type__": "cc.AnimationCurve",
      "preWrapMode": 2,
      "postWrapMode": 2,
      "keyFrames": [
        {
          "__type__": "cc.Keyframe",
          "time": 0,
          "value": 1,
          "inTangent": 0,
          "outTangent": 0
        },
        {
          "__type__": "cc.Keyframe",
          "time": 1,
          "value": 1,
          "inTangent": 0,
          "outTangent": 0
        }
      ]
    },
    "curveMin": {
      "__type__": "cc.AnimationCurve",
      "preWrapMode": 2,
      "postWrapMode": 2,
      "keyFrames": [
        {
          "__type__": "cc.Keyframe",
          "time": 0,
          "value": 1,
          "inTangent": 0,
          "outTangent": 0
        },
        {
          "__type__": "cc.Keyframe",
          "time": 1,
          "value": 1,
          "inTangent": 0,
          "outTangent": 0
        }
      ]
    },
    "curveMax": {
      "__type__": "cc.AnimationCurve",
      "preWrapMode": 2,
      "postWrapMode": 2,
      "keyFrames": [
        {
          "__type__": "cc.Keyframe",
          "time": 0,
          "value": 1,
          "inTangent": 0,
          "outTangent": 0
        },
        {
          "__type__": "cc.Keyframe",
          "time": 1,
          "value": 1,
          "inTangent": 0,
          "outTangent": 0
        }
      ]
    },
    "constant": 0,
    "constantMin": 0,
    "constantMax": 0,
    "multiplier": 1
  },
  {
    "__type__": "cc.GradientRange",
    "color": {
      "__type__": "cc.Color",
      "r": 255,
      "g": 255,
      "b": 255,
      "a": 255
    },
    "colorMin": {
      "__type__": "cc.Color",
      "r": 255,
      "g": 255,
      "b": 255,
      "a": 255
    },
    "colorMax": {
      "__type__": "cc.Color",
      "r": 255,
      "g": 255,
      "b": 255,
      "a": 255
    },
    "gradient": {
      "__id__": 83
    },
    "gradientMin": {
      "__id__": 84
    },
    "gradientMax": {
      "__id__": 85
    },
    "_mode": 0
  },
  {
    "__type__": "cc.Gradient",
    "colorKeys": [],
    "alphaKeys": [],
    "mode": 0
  },
  {
    "__type__": "cc.Gradient",
    "colorKeys": [],
    "alphaKeys": [],
    "mode": 0
  },
  {
    "__type__": "cc.Gradient",
    "colorKeys": [],
    "alphaKeys": [],
    "mode": 0
  },
  {
    "__type__": "cc.GradientRange",
    "color": {
      "__type__": "cc.Color",
      "r": 255,
      "g": 255,
      "b": 255,
      "a": 255
    },
    "colorMin": {
      "__type__": "cc.Color",
      "r": 255,
      "g": 255,
      "b": 255,
      "a": 255
    },
    "colorMax": {
      "__type__": "cc.Color",
      "r": 255,
      "g": 255,
      "b": 255,
      "a": 255
    },
    "gradient": {
      "__id__": 87
    },
    "gradientMin": {
      "__id__": 88
    },
    "gradientMax": {
      "__id__": 89
    },
    "_mode": 0
  },
  {
    "__type__": "cc.Gradient",
    "colorKeys": [],
    "alphaKeys": [],
    "mode": 0
  },
  {
    "__type__": "cc.Gradient",
    "colorKeys": [],
    "alphaKeys": [],
    "mode": 0
  },
  {
    "__type__": "cc.Gradient",
    "colorKeys": [],
    "alphaKeys": [],
    "mode": 0
  },
  {
    "__type__": "cc.ParticleSystemRenderer",
    "_renderMode": 0,
    "_velocityScale": 1,
    "_lengthScale": 1,
    "_mesh": null,
    "_particleSystem": {
      "__id__": 29
    }
  },
  {
    "__type__": "cc.PrefabInfo",
    "root": {
      "__id__": 1
    },
    "asset": {
      "__id__": 0
    },
    "fileId": "c5luO1bDpBE77l7H8uBmSV",
    "sync": false,
    "_synced": {
      "default": false,
      "serializable": false
    }
  },
  {
    "__type__": "ea0d9kbv/xCzKiY/K6flDXb",
    "_name": "car101<Car>",
    "_objFlags": 0,
    "node": {
      "__id__": 1
    },
    "_enabled": true,
    "acceleration": 0.2,
    "maxSpeed": 0.5,
    "minSpeed": 0.2,
    "_id": ""
  },
  {
    "__type__": "cc.PrefabInfo",
    "root": {
      "__id__": 1
    },
    "asset": {
      "__id__": 0
    },
    "fileId": "51s3J2f91Ao7pNTZeTPggj",
    "sync": false,
    "_synced": {
      "default": false,
      "serializable": false
    }
  }
]